<?xml version = "1.0" encoding = "UTF-8"?><OAI-PMH xmlns="http://www.openarchives.org/OAI/2.0/" xmlns:xsi="http://www.w3.org/2001/XMLSchema-instance" xsi:schemaLocation="http://www.openarchives.org/OAI/2.0/ http://www.openarchives.org/OAI/2.0/OAI-PMH.xsd"><ListRecords><record><header><identifier>aleph-publish:020981777</identifier></header><metadata><record xmlns="http://www.ddb.de/professionell/mabxml/mabxml-1.xsd"><leader>00000nM2.01200024------h</leader><controlfield tag="LDR">00000nM2.01200024------h</controlfield><controlfield tag="FMT">MH</controlfield><datafield tag="001" ind1="-" ind2="1"><subfield code="a">HT018811791</subfield></datafield><datafield tag="002" ind1="b" ind2="1"><subfield code="a">20151120</subfield></datafield><datafield tag="003" ind1="-" ind2="1"><subfield code="a">20151208</subfield></datafield><datafield tag="020" ind1="a" ind2="1"><subfield code="a">1044659947</subfield><subfield code="b">DNB</subfield></datafield><datafield tag="025" ind1="o" ind2="1"><subfield code="a">1074460311</subfield></datafield><datafield tag="025" ind1="a" ind2="1"><subfield code="a">1044659947</subfield></datafield><datafield tag="026" ind1="-" ind2="1"><subfield code="a">DNB1044659947</subfield></datafield><controlfield tag="030">a||da||||||17</controlfield><datafield tag="036" ind1="a" ind2="1"><subfield code="a">XA-DE-NW</subfield></datafield><datafield tag="037" ind1="b" ind2="1"><subfield code="a">ger</subfield></datafield><controlfield tag="050">a|a|||||||||||</controlfield><controlfield tag="051">m|||||||</controlfield><datafield tag="064" ind1="a" ind2="1"><subfield code="a">Spiel</subfield><subfield code="9">(DE-588)4056218-9</subfield></datafield><datafield tag="070" ind1="-" ind2="1"><subfield code="a">6</subfield></datafield><datafield tag="070" ind1="a" ind2="1"><subfield code="a">DNB</subfield></datafield><datafield tag="070" ind1="b" ind2="1"><subfield code="a">6</subfield></datafield><datafield tag="078" ind1="n" ind2="1"><subfield code="a">NWBib-6</subfield></datafield><datafield tag="080" ind1="-" ind2="1"><subfield code="a">60</subfield></datafield><datafield tag="100" ind1="-" ind2="1"><subfield code="p">Strahl, Gordon K.</subfield><subfield code="9">(DE-588)106818678X</subfield></datafield><datafield tag="101" ind1="-" ind2="1"><subfield code="p">Strahl, Gordon Kai</subfield></datafield><datafield tag="104" ind1="a" ind2="1"><subfield code="p">Strahl, Sonja</subfield></datafield><datafield tag="331" ind1="-" ind2="1"><subfield code="a">Wissensquiz Ruhrgebiet</subfield></datafield><datafield tag="359" ind1="-" ind2="1"><subfield code="a">Gordon Strahl ; Sonja Strahl</subfield></datafield><datafield tag="410" ind1="-" ind2="1"><subfield code="a">Essen</subfield></datafield><datafield tag="412" ind1="-" ind2="1"><subfield code="a">Klartext</subfield></datafield><datafield tag="425" ind1="-" ind2="1"><subfield code="a">[2013]</subfield></datafield><datafield tag="425" ind1="a" ind2="1"><subfield code="a">2013</subfield></datafield><datafield tag="433" ind1="-" ind2="1"><subfield code="a">96 Karten</subfield></datafield><datafield tag="540" ind1="a" ind2="1"><subfield code="a">978-3-8375-1060-7</subfield><subfield code="b">: EUR 9.95 (DE), EUR 10.10 (AT), sfr 15.90 (freier Pr.)</subfield></datafield><datafield tag="540" ind1="a" ind2="1"><subfield code="a">3-8375-1060-3</subfield></datafield><datafield tag="551" ind1="a" ind2="1"><subfield code="a">Best.-Nr.: 21060</subfield></datafield><datafield tag="553" ind1="a" ind2="1"><subfield code="a">9783837510607</subfield></datafield><datafield tag="574" ind1="-" ind2="1"><subfield code="a">13,N49</subfield></datafield><datafield tag="655" ind1="e" ind2="1"><subfield code="m">X:MVB</subfield><subfield code="q">text/html</subfield><subfield code="u">http://deposit.d-nb.de/cgi-bin/dokserv?id=4521553&amp;prov=M&amp;dok_var=1&amp;dok_ext=htm</subfield><subfield code="3">Inhaltstext</subfield><subfield code="A">2</subfield></datafield><datafield tag="700" ind1="-" ind2="1"><subfield code="a">900</subfield><subfield code="2">DNB</subfield></datafield><datafield tag="700" ind1="n" ind2="1"><subfield code="a">Ruhrgebiet</subfield><subfield code="0">https://nwbib.de/spatial#N20</subfield></datafield><datafield tag="700" ind1="n" ind2="1"><subfield code="a">Landesbeschreibungen</subfield><subfield code="0">https://nwbib.de/subjects#N102000</subfield></datafield><datafield tag="902" ind1="-" ind2="1"><subfield code="g">Ruhrgebiet</subfield><subfield code="9">(DE-588)4050926-6</subfield></datafield><datafield tag="902" ind1="-" ind2="1"><subfield code="s">Heimatkunde</subfield><subfield code="9">(DE-588)4127794-6</subfield></datafield><controlfield tag="SYS">020981777</controlfield><datafield tag="952" ind1="-" ind2="1"><subfield code="g">Ruhr</subfield><subfield code="z">Region</subfield></datafield><datafield tag="952" ind1="-" ind2="1"><subfield code="g">Ruhr-Gebiet</subfield></datafield><datafield tag="952" ind1="-" ind2="1"><subfield code="g">Ruhrrevier</subfield></datafield><datafield tag="952" ind1="-" ind2="1"><subfield code="g">Metropole Ruhr</subfield></datafield><datafield tag="952" ind1="-" ind2="1"><subfield code="s">Heimatforschung</subfield></datafield><datafield tag="952" ind1="-" ind2="1"><subfield code="s">Heimatgeschichte</subfield></datafield><datafield tag="088" ind1=" " ind2=" "><subfield code="a">6</subfield><subfield code="c">LD 1892</subfield><subfield code="e">keine Angabe</subfield></datafield></record></metadata></record></ListRecords></OAI-PMH>